<record xmlns="http://www.loc.gov/MARC21/slim" xmlns:xsi="http://www.w3.org/2001/XMLSchema-instance" xsi:schemaLocation="http://www.loc.gov/MARC21/slim http://www.loc.gov/standards/marcxml/schema/MARC21slim.xsd"><leader>02269nam a2200373   4500</leader><controlfield tag="001">002082374</controlfield><controlfield tag="003">NNU</controlfield><controlfield tag="006">m        d        </controlfield><controlfield tag="007">cr cn |||m|||a</controlfield><controlfield tag="008">140707s1954    ir      ob    000 0 ara d</controlfield><datafield ind1=" " ind2=" " tag="040"><subfield code="a">NNU</subfield><subfield code="b">eng</subfield><subfield code="c">NNU</subfield></datafield><datafield ind1=" " ind2=" " tag="066"><subfield code="c">(3</subfield></datafield><datafield ind1=" " ind2=" " tag="090"><subfield code="a">B751.Q33</subfield><subfield code="b">J39 1954</subfield></datafield><datafield ind1="1" ind2=" " tag="100"><subfield code="6">880-01</subfield><subfield code="a">Jaz&#257;&#700;ir&#299;, Ni&#699;mat All&#257;h ibn &#699;Abd All&#257;h,</subfield><subfield code="d">1640 or 41-1701</subfield></datafield><datafield ind1="1" ind2="0" tag="245"><subfield code="6">880-02</subfield><subfield code="a">Shar&#7717; &#699;Ayn&#299;yat Ibn S&#299;n&#257;</subfield><subfield code="h">[electronic resource] /</subfield><subfield code="c">li-Ni&#699;mat All&#257;h al-Jaz&#257;&#700;ir&#299; al-Sh&#363;star&#299; al-M&#363;saw&#299; al-&#7716;usayn&#299;. Wa-Qa&#7779;&#299;dah f&#299; al-radd &#699;al&#225; Ibn S&#299;n&#257; / li-&#699;Abd &#699;Al&#299; al-&#7716;uwayz&#299; ; &#699;uniya bi-nashrihum&#257; wa-ta&#7717;q&#299;qihum&#257; ... &#7716;usayn &#699;Al&#299; Ma&#7717;f&#363;&#7827;.</subfield></datafield><datafield ind1=" " ind2=" " tag="260"><subfield code="6">880-03</subfield><subfield code="a">&#7788;ihr&#257;n :</subfield><subfield code="b">Ma&#7789;ba&#699;at al-&#7716;aydar&#299;,</subfield><subfield code="c">1954.</subfield></datafield><datafield ind1=" " ind2=" " tag="300"><subfield code="a">online resource (26 p.)</subfield></datafield><datafield ind1=" " ind2=" " tag="500"><subfield code="a">Titles on added t.p.: A commentary on al-Qa&#7779;&#299;da al-&#699;A&#299;niya of Ibn Sina. A refutation of Ibn Sina.</subfield></datafield><datafield ind1=" " ind2=" " tag="500"><subfield code="a">Part of the Arabic Collections Online (ACO) project, contributed by New York Univeristy Libraries.</subfield></datafield><datafield ind1=" " ind2=" " tag="504"><subfield code="a">Includes bibliographical references.</subfield></datafield><datafield ind1=" " ind2=" " tag="533"><subfield code="a">Electronic reproduction.</subfield><subfield code="b">New York, N.Y. :</subfield><subfield code="c">New York University,</subfield><subfield code="d">2014.</subfield><subfield code="5">NNU</subfield></datafield><datafield ind1="0" ind2="0" tag="600"><subfield code="a">Avicenna,</subfield><subfield code="d">980-1037.</subfield><subfield code="t">Qa&#7779;&#299;dah al-&#699;ayn&#299;yah.</subfield></datafield><datafield ind1="1" ind2=" " tag="700"><subfield code="a">&#7716;uwayz&#299;, &#699;Abd &#699;Al&#299; ibn Jum&#699;ah,</subfield><subfield code="d">17th cent.</subfield><subfield code="t">Qa&#7779;&#299;dah f&#299; al-radd &#699;al&#225; Ibn S&#299;n&#257;.</subfield></datafield><datafield ind1="1" ind2=" " tag="700"><subfield code="a">Ma&#7717;f&#363;&#7827;, &#7716;usayn &#699;Al&#299;.</subfield></datafield><datafield ind1="2" ind2=" " tag="710"><subfield code="a">New York University.</subfield><subfield code="b">Libraries.</subfield></datafield><datafield ind1="0" ind2=" " tag="730"><subfield code="a">Arabic Collections Online.</subfield></datafield><datafield ind1="0" ind2=" " tag="740"><subfield code="a">Commentary on al-Qa&#7779;&#299;da al-&#699;a&#299;niya of Ibn Sina.</subfield></datafield><datafield ind1="0" ind2=" " tag="740"><subfield code="a">Refutation of Ibn Sina.</subfield></datafield><datafield ind1="0" ind2="8" tag="776"><subfield code="i">Print version:</subfield><subfield code="a">Jaz&#257;&#700;ir&#299;, Ni&#699;mat All&#257;h ibn &#699;Abd All&#257;h, 1640 or 41-1701 880-01</subfield><subfield code="t">Shar&#7717; &#699;Ayn&#299;yat Ibn S&#299;n&#257;</subfield><subfield code="w">(NNU)002082374</subfield></datafield><datafield ind1="4" ind2="0" tag="856"><subfield code="u">http://hdl.handle.net/2333.1/g79cnr07</subfield></datafield><datafield ind1="0" ind2=" " tag="880"><subfield code="6">100-01/</subfield><subfield code="a">&#1606;&#1593;&#1605;&#1577; &#1575;&#1604;&#1604;&#1607; &#1575;&#1604;&#1580;&#1586;&#1575;&#1574;&#1585;&#1610;.</subfield></datafield><datafield ind1="1" ind2="0" tag="880"><subfield code="6">245-02/</subfield><subfield code="a">&#1588;&#1585;&#1581; &#1593;&#1610;&#1606;&#1610;&#1577; &#1575;&#1576;&#1606; &#1587;&#1610;&#1606;&#1575; /</subfield><subfield code="c">&#1604;&#1606;&#1593;&#1605;&#1577; &#1575;&#1604;&#1604;&#1607; &#1575;&#1604;&#1580;&#1586;&#1575;&#1574;&#1585;&#1610; &#1575;&#1604;&#1588;&#1608;&#1587;&#1578;&#1585;&#1610; &#1575;&#1604;&#1605;&#1608;&#1587;&#1608;&#1610; &#1575;&#1604;&#1581;&#1587;&#1610;&#1606;&#1609;. &#1608;&#1602;&#1589;&#1610;&#1583;&#1577; &#1601;&#1609; &#1575;&#1604;&#1585;&#1583; &#1593;&#1604;&#1609; &#1575;&#1576;&#1606; &#1587;&#1610;&#1606;&#1575; / &#1604;&#1593;&#1576;&#1583; &#1593;&#1604;&#1609; &#1575;&#1604;&#1581;&#1608;&#1610;&#1586;&#1610; &#1563; &#1593;&#1606;&#1609; &#1576;&#1606;&#1588;&#1585;&#1607;&#1605;&#1575; &#1608;&#1578;&#1581;&#1602;&#1610;&#1602;&#1607;&#1605;&#1575; ... &#1581;&#1587;&#1610;&#1606; &#1593;&#1604;&#1609; &#1605;&#1581;&#1601;&#1608;&#1592;.</subfield></datafield><datafield ind1=" " ind2=" " tag="880"><subfield code="6">260-03/</subfield><subfield code="a">&#1591;&#1607;&#1585;&#1575;&#1606; :</subfield><subfield code="b">&#1605;&#1591;&#1576;&#1593;&#1577; &#1575;&#1604;&#1581;&#1610;&#1583;&#1585;&#1609;&#1548;</subfield><subfield code="c">&#1633;&#1641;&#1637;&#1636;.</subfield></datafield><datafield ind1=" " ind2=" " tag="959"><subfield code="a">NNU</subfield><subfield code="b">WEB</subfield><subfield code="c">GENI</subfield><subfield code="t">0</subfield><subfield code="m">Electronic access</subfield><subfield code="s">01</subfield></datafield></record>